<mx:record xmlns="http://www.w3.org/TR/xhtml1/strict" xmlns:mx="http://www.loc.gov/MARC21/slim" xmlns:xsi="http://www.w3.org/2001/XMLSchema-instance"><mx:leader>00000cz   2200000n  4500</mx:leader><mx:controlfield tag="001">oca00112708 </mx:controlfield><mx:controlfield tag="005">19901106172134.7</mx:controlfield><mx:controlfield tag="008">810114n| acannaab|          |a aaa |||  </mx:controlfield><mx:datafield ind1=" " ind2=" " tag="010"><mx:subfield code="a">n  50079083</mx:subfield></mx:datafield><mx:datafield ind1=" " ind2=" " tag="040"><mx:subfield code="a">DLC</mx:subfield><mx:subfield code="c">DLC</mx:subfield><mx:subfield code="d">CU</mx:subfield></mx:datafield><mx:datafield ind1="1" ind2=" " tag="100"><mx:subfield code="a">Lucilius, Gaius,</mx:subfield><mx:subfield code="d">ca. 180-ca. 102 B.C.</mx:subfield></mx:datafield><mx:datafield ind1="1" ind2=" " tag="400"><mx:subfield code="a">Lucilio, Gaio,</mx:subfield><mx:subfield code="d">ca. 180-ca. 102 B.C.</mx:subfield></mx:datafield><mx:datafield ind1="1" ind2=" " tag="400"><mx:subfield code="a">Lucilius, C.</mx:subfield><mx:subfield code="w">nnaa</mx:subfield></mx:datafield><mx:datafield ind1="1" ind2=" " tag="400"><mx:subfield code="a">Lucilius, C.</mx:subfield><mx:subfield code="q">(Caius),</mx:subfield><mx:subfield code="d">ca. 180-ca. 102 B.C.</mx:subfield></mx:datafield><mx:datafield ind1="1" ind2=" " tag="400"><mx:subfield code="a">Lucilius, Caius,</mx:subfield><mx:subfield code="d">ca. 180 B.C.-ca. 102 B.C.</mx:subfield></mx:datafield><mx:datafield ind1=" " ind2=" " tag="670"><mx:subfield code="a">Oxford classical dict., 1970</mx:subfield><mx:subfield code="b">(Lucilius, Gaius; d. 101/2 BC)</mx:subfield></mx:datafield><mx:datafield ind1=" " ind2=" " tag="670"><mx:subfield code="a">Brit 3</mx:subfield><mx:subfield code="b">(Lucilius, Gaius; b. c. 180 BC, Suessa Aurunca, Campania; d. c. 103 or 102 BC)</mx:subfield></mx:datafield><mx:datafield ind1=" " ind2=" " tag="678"><mx:subfield code="a">d. 103 or 02 B.C.</mx:subfield></mx:datafield><mx:datafield ind1=" " ind2=" " tag="999"><mx:subfield code="a">12204.5861</mx:subfield></mx:datafield></mx:record>